
%%%%%%%%%%%%%%%%%%%%%%%%%%%%%%%%%%%%%%%%%%%%%%%%%%%%%%%%%%%%%%%%%%%%%%%%%%%%%%%%%%%%%%%%%%%%%%%%%%%%
% PHYSICALLY BASED RENDERING - BASICS

@article{CookTorrance,
	author = {Cook, R. L. and Torrance, K. E.},
	title = {A Reflectance Model for Computer Graphics},
	journal = {ACM Trans. Graph.},
	issue_date = {Jan. 1982},
	volume = {1},
	number = {1},
	month = jan,
	year = {1982},
	issn = {0730-0301},
	pages = {7--24},
	numpages = {18},
	url = {http://doi.acm.org/10.1145/357290.357293},
	doi = {10.1145/357290.357293},
	acmid = {357293},
	publisher = {ACM},
	address = {New York, NY, USA},
	keywords = {image synthesis, reflectance},
}

@article{pbr_background,
	author = {Hoffman, Naty},
	title = {Background: Physics and Math of Shading},
	url = {http://blog.selfshadow.com/publications/s2013-shading-course/hoffman/s2013_pbs_physics_math_notes.pdf},
	year = {2013},
}

@article{pbr_frostbite,
	author = {Lagarde, Sébastien and De Rousiers, Charles},
	institution = {Electronic Arts Frostbite},
	title = {Moving Frostbite to PBR},
	url = {https://seblagarde.wordpress.com/2015/07/14/siggraph-2014-moving-frostbite-to-physically-based-rendering/},
	year = {2014},
}

@techreport{brdf_overview,
	author = {Montes, Rosana and Ureña, Carlos},
	title = {An Overview of BRDF Models},
	institution = {Dept. Lenguajes y Sistemas Informáticos University of Granada, Granada, Spain},
	year = 2012
}

@techreport{pbr_ue4,
	added-at = {2016-02-05T01:48:25.000+0100},
	author = {Karis, Brian},
	biburl = {https://www.bibsonomy.org/bibtex/203641889131c93632e2790ab7d25aa9d/ledood},
	institution = {Epic Games},
	interhash = {3ae27870dd0db56ba1fbacb2356c8f63},
	intrahash = {03641889131c93632e2790ab7d25aa9d},
	keywords = {brdf envmaps fis prefilter reflection reflections},
	timestamp = {2016-04-29T17:23:10.000+0200},
	title = {Real Shading in {Unreal Engine 4}},
	url = {http://blog.selfshadow.com/publications/s2013-shading-course/karis/s2013_pbs_epic_notes_v2.pdf},
	urldate = {2016-02-05},
	year = {2013}
}

@techreport{Burley,
	author = {Burley, Brent},
	title = {Physically-Based Shading at Disney},
	url = {http://blog.selfshadow.com/publications/s2012-shading-course/burley/s2012_pbs_disney_brdf_notes_v3.pdf},
	year = {2012},
}

@book{RealTimeRendering2008,
	author = {Akenine-Moller, Tomas and Haines, Eric and Hoffman, Naty},
	title = {Real-Time Rendering},
	year = {2008},
	isbn = {1568814240, 9781568814247},
	edition = {3rd},
	publisher = {A. K. Peters, Ltd.},
	address = {Natick, MA, USA},
}

@book{pbrt,
	author = {Pharr, Matt and Jakob, Wenzel and Humphreys, Greg},
	title = {Physically Based Rendering, Third Edition: From Theory To Implementation},
	year = {2016},
	isbn = {0128006455, 9780128006450},
	edition = {3rd},
	publisher = {Morgan Kaufmann Publishers Inc.},
}

@book{lambert_photometria,
	author = {Lambert, J. H.},
	title = {Photometria},
	year = {1760},
}

@online{NDFReed,
	author = {Reed, Nathan},
	title = {How Is The NDF Really Defined?},
	url = {http://www.reedbeta.com/blog/hows-the-ndf-really-defined/},
	year = {2013},
}

@online{pbr_games_siggraph,
	title = {Physically-Based Reflectance for Games},
	author = {Hoffman, Naty and Baker, Dan and Kautz, Jan},
	url = {http://jankautz.com/courses/GameCourse/},
	date = {2006},
}

@online{SphericalGaussianLegarde,
	author = {Lagarde, Sébastien},
	title = {Spherical Gaussian approximation for Blinn-Phong, Phong and Fresnel},
	url = {https://seblagarde.wordpress.com/2012/06/03/spherical-gaussien-approximation-for-blinn-phong-phong-and-fresnel/},
	month = Jun,
	year = {2012},
}

@misc{wolfram_solidangle, 
	title={Solid Angle}, url={http://mathworld.wolfram.com/SolidAngle.html}, journal={Wolfram MathWorld}
}

%%%%%%%%%%%%%%%%%%%%%%%%%%%%%%%%%%%%%%%%%%%%%%%%%%%%%%%%%%%%%%%%%%%%%%%%%%%%%%%%%%%%%%%%%%%%%%%%%%%%
% MONTE-CARLO METHODS

@misc{MonteCarloAnderson,
	author = {Anderson, Eric},
	title = {{Monte Carlo Methods and Importance Sampling}},
	year = 1999
}

@phdthesis{Veach,
	author = {Veach, Eric},
	advisor = {Guibas, Leonidas J.},
	title = {{Robust Monte Carlo Methods for Light Transport Simulation}},
	year = {1998},
	isbn = {0-591-90780-1},
	note = {AAI9837162},
	publisher = {Stanford University},
	address = {Stanford, CA, USA},
}

@misc{Sierocinski,
	author = {Sierociński, Andrzej},
	title = {Wykład: Rachunek Prawdopodobieństwa i Elementy Statystyki Matematycznej}
}

@online{dammertz_2012,
	title={Points on the Hemisphere},
	url={http://holger.dammertz.org/stuff/notes_HammersleyOnHemisphere.html},
	journal={Holger Dammertz},
	publisher={Points on a Hemisphere},
	author={Dammertz, Holger},
	year={2012}
}

@article{MultidimensionalSampling,
	journal = {Computer Graphics Forum},
	title = {{Efficient Multidimensional Sampling}},
	author = {Kollig, Thomas and Keller, Alexander},
	year = {2002},
	publisher = {Blackwell Publishers, Inc and the Eurographics Association},
	ISSN = {1467-8659},
	DOI = {10.1111/1467-8659.00706}
}

@techreport{ImportanceSamplingForProduction,
	title = {{Importance Sampling for Production Rendering}},
	author = {Colbert, Mark and Premoze, Simon and Francois, Guillaume},
	year = {2010}
}

@online{NotesImportanceSampling,
	author = {Franke, Tobias},
	title = {{Notes on Importance Sampling}},
	url = {http://blog.tobias-franke.eu/2014/03/30/notes_on_importance_sampling.html},
	year = 2014
}

@article{WongSamplingWH,
	title={{Sampling with Hammersley and Halton points}},
	author={Tien-Tsin Wong and Wai-Shing Luk and Pheng-Ann Heng},
	journal={J. Graphics, GPU, \& Game Tools},
	year={1997},
	volume={2},
	pages={9-24}
}

@online{WolframSpherePointPicking,
	author = {Weisstein, Eric W.},
	title = {Sphere Point Picking},
	publisher = {MathWorld},
	url = {http://mathworld.wolfram.com/SpherePointPicking.html},
}

%%%%%%%%%%%%%%%%%%%%%%%%%%%%%%%%%%%%%%%%%%%%%%%%%%%%%%%%%%%%%%%%%%%%%%%%%%%%%%%%%%%%%%%%%%%%%%%%%%%%
% LINEARLY TRANSFORMED COSINES

@article{ltc_heitz,
	author = {Heitz, Eric and Dupuy, Jonathan and Hill, Stephen and Neubelt, David},
	title = {Real-time Polygonal-light Shading with {Linearly Transformed Cosines}},
	journal = {ACM Trans. Graph.},
	issue_date = {July 2016},
	volume = {35},
	number = {4},
	month = jul,
	year = {2016},
	issn = {0730-0301},
	pages = {41:1--41:8},
	articleno = {41},
	numpages = {8},
	url = {http://doi.acm.org/10.1145/2897824.2925895},
	doi = {10.1145/2897824.2925895},
	acmid = {2925895},
	publisher = {ACM},
	address = {New York, NY, USA},
	keywords = {BRDF, area lighting, real-time rendering, shading},
}

@misc{LTCJourneyPresentation,
	author = {Heitz, Eric and Dupuy, Jonathan and Hill, Stephen},
	title = {{Real-time Polygonal-light Shading with Linearly Transformed Cosines}},
	url = {http://advances.realtimerendering.com/s2016/},
	institution = {Siggraph},
	year = 2016
}

@inproceedings{Arvo,
	author = {Arvo, James},
	title = {Applications of Irradiance Tensors to the Simulation of non-Lambertian Phenomena},
	booktitle = {Proceedings of the 22Nd Annual Conference on Computer Graphics and Interactive Techniques},
	series = {SIGGRAPH '95},
	year = {1995},
	isbn = {0-89791-701-4},
	pages = {335--342},
	numpages = {8},
	url = {http://doi.acm.org/10.1145/218380.218467},
	doi = {10.1145/218380.218467},
	acmid = {218467},
	publisher = {ACM},
	address = {New York, NY, USA},
	keywords = {angular moment, axial moment, directional luminaire, double-axis moment, glossy reflection, glossy transmission, irradiance tensor},
}

@techreport{Snyder,
	author = {Snyder, John},
	title = {Area Light Sources for Real-Time Graphics},
	booktitle = {},
	year = {1996},
	month = {March},
	url = {https://www.microsoft.com/en-us/research/publication/area-light-sources-for-real-time-graphics/},
}

@article{NelderMead65,
	added-at = {2008-09-16T23:39:07.000+0200},
	author = {Nelder, J. A. and Mead, R.},
	biburl = {https://www.bibsonomy.org/bibtex/2053fb791805bd1debd80a198e8f3e45c/brian.mingus},
	description = {CCNLab BibTeX},
	interhash = {a5e0b861cf4f8ed6e67e8ea7cdc4b9ff},
	intrahash = {053fb791805bd1debd80a198e8f3e45c},
	journal = {Computer Journal},
	keywords = {imported},
	owner = {frankmj},
	pages = {308-313},
	timestamp = {2008-09-16T23:40:48.000+0200},
	title = {A Simplex Method for Function Minimization},
	volume = 7,
	year = 1965
}


%%%%%%%%%%%%%%%%%%%%%%%%%%%%%%%%%%%%%%%%%%%%%%%%%%%%%%%%%%%%%%%%%%%%%%%%%%%%%%%%%%%%%%%%%%%%%%%%%%%%
% OTHERS

@article{Baum,
	author = {Baum, D. R. and Rushmeier, H. E. and Winget, J. M.},
	title = {Improving Radiosity Solutions Through the Use of Analytically Determined Form-factors},
	journal = {SIGGRAPH Comput. Graph.},
	issue_date = {July 1989},
	volume = {23},
	number = {3},
	month = jul,
	year = {1989},
	issn = {0097-8930},
	pages = {325--334},
	numpages = {10},
	url = {http://doi.acm.org/10.1145/74334.74367},
	doi = {10.1145/74334.74367},
	acmid = {74367},
	publisher = {ACM},
	address = {New York, NY, USA},
}





